@book{knuth1984texbook,
  title={The texbook},
  author={Knuth, Donald Ervin and Bibby, Duane},
  volume={15},
  year={1984},
  publisher={Addison-Wesley Reading}
}
